<record><leader>00000cas a2200000 a 4500</leader><controlfield tag="001">61842286</controlfield><controlfield tag="008">051005d19uu1939oruwr ne      0    0eng c</controlfield><datafield ind1=" " ind2=" " tag="010"><subfield code="a">  2005260047</subfield></datafield><datafield ind1=" " ind2=" " tag="040"><subfield code="a">ORU</subfield><subfield code="b">eng</subfield><subfield code="c">ORU</subfield><subfield code="d">ORU</subfield><subfield code="d">OCLCQ</subfield><subfield code="d">OCLCF</subfield><subfield code="d">OCLCO</subfield></datafield><datafield ind1="1" ind2=" " tag="029"><subfield code="a">AU@</subfield><subfield code="b">000028597926</subfield></datafield><datafield ind1=" " ind2=" " tag="042"><subfield code="a">pcc</subfield></datafield><datafield ind1=" " ind2=" " tag="043"><subfield code="a">n-us-or</subfield></datafield><datafield ind1="0" ind2="0" tag="245"><subfield code="a">Helix view point.</subfield></datafield><datafield ind1="1" ind2="7" tag="246"><subfield code="a">Viewpoint</subfield></datafield><datafield ind1=" " ind2=" " tag="260"><subfield code="a">Helix, Or. :</subfield><subfield code="b">H.V. Chrestens,</subfield><subfield code="c">-1939.</subfield></datafield><datafield ind1=" " ind2=" " tag="300"><subfield code="a">v.</subfield></datafield><datafield ind1=" " ind2=" " tag="310"><subfield code="a">Weekly</subfield></datafield><datafield ind1="0" ind2=" " tag="362"><subfield code="a">-v. 28, no. 35 (Dec. 14, 1939).</subfield></datafield><datafield ind1=" " ind2=" " tag="530"><subfield code="a">Also issued on microfilm from University of Oregon.</subfield></datafield><datafield ind1=" " ind2=" " tag="588"><subfield code="a">Description based on: Vol. 4, no. 30 (Jan. 10, 1929).</subfield></datafield><datafield ind1=" " ind2="0" tag="651"><subfield code="a">Helix (Or.)</subfield><subfield code="v">Newspapers.</subfield></datafield><datafield ind1=" " ind2="7" tag="655"><subfield code="a">Newspapers.</subfield><subfield code="2">fast</subfield><subfield code="0">(OCoLC)fst01423814</subfield></datafield><datafield ind1=" " ind2="7" tag="651"><subfield code="a">Oregon</subfield><subfield code="z">Helix.</subfield><subfield code="2">fast</subfield><subfield code="0">(OCoLC)fst01282748</subfield></datafield><datafield ind1=" " ind2=" " tag="752"><subfield code="a">United States</subfield><subfield code="b">Oregon</subfield><subfield code="c">Umatilla</subfield><subfield code="d">Helix.</subfield></datafield><datafield ind1="0" ind2="0" tag="780"><subfield code="t">Helix advocate</subfield><subfield code="w">(DLC)  2005260046</subfield><subfield code="w">(OCoLC)61841922</subfield></datafield><datafield ind1="0" ind2="0" tag="785"><subfield code="t">Umatilla County record</subfield><subfield code="w">(DLC)  2005260048</subfield><subfield code="w">(OCoLC)61842414</subfield></datafield></record>